<record xmlns="http://www.loc.gov/MARC21/slim" xmlns:xsi="http://www.w3.org/2001/XMLSchema-instance" xsi:schemaLocation="http://www.loc.gov/MARC21/slim http://www.loc.gov/standards/marcxml/schema/MARC21slim.xsd"><leader>00600cz   2200181n  4500</leader><controlfield tag="001">oca00421820 </controlfield><controlfield tag="005">20050427182620.0</controlfield><controlfield tag="008">800417n| acannaab           |a aaa      </controlfield><datafield ind1=" " ind2=" " tag="010"><subfield code="a">n  80039744 </subfield></datafield><datafield ind1=" " ind2=" " tag="040"><subfield code="a">DLC</subfield><subfield code="c">DLC</subfield><subfield code="d">DLC</subfield><subfield code="d">MH</subfield><subfield code="d">DLC</subfield></datafield><datafield ind1=" " ind2="0" tag="053"><subfield code="a">PA8260</subfield></datafield><datafield ind1="0" ind2=" " tag="100"><subfield code="a">Bede,</subfield><subfield code="c">the Venerable, Saint,</subfield><subfield code="d">673-735.</subfield></datafield><datafield ind1="0" ind2=" " tag="400"><subfield code="a">Beda Venerabilis,</subfield><subfield code="d">673-735.</subfield><subfield code="w">nnaa</subfield></datafield><datafield ind1="0" ind2=" " tag="400"><subfield code="a">Baeda Venerabilis,</subfield><subfield code="d">673-735</subfield></datafield><datafield ind1="0" ind2=" " tag="400"><subfield code="a">Bede,</subfield><subfield code="c">Saint,</subfield><subfield code="d">673-735</subfield></datafield><datafield ind1="0" ind2=" " tag="400"><subfield code="a">Venerable Bede,</subfield><subfield code="d">673-735</subfield></datafield><datafield ind1="0" ind2=" " tag="400"><subfield code="a">Beda,</subfield><subfield code="c">der Ehrwürdige,</subfield><subfield code="d">673-735</subfield></datafield><datafield ind1=" " ind2=" " tag="670"><subfield code="a">His Kirchengeschichte des englischen Volkes, 1982:</subfield><subfield code="b">t.p. (Beda der Ehrwürdige)</subfield></datafield></record>